%% This BibTeX bibliography file was created using BibDesk.
%% https://bibdesk.sourceforge.io/

%% Created for Dennis Wiersma at 2022-11-10 12:33:28 +0100 


%% Saved with string encoding Unicode (UTF-8) 



@manual{Michiel_Noback_2022_hanze,
	author = {Michiel Noback},
	date-added = {2022-11-10 12:31:17 +0100},
	date-modified = {2022-11-10 12:31:56 +0100},
	title = {ProjectopdrachtThema9 2022},
	url = {https://blackboard.hanze.nl/bbcswebdav/pid-5925895-dt-content-rid-81925229_2/courses/sils.bfvt.2206.k01-2223-bin09-intromachinelea/ProjectopdrachtThema9%202022%282%29.pdf},
	year = {2022},
	bdsk-url-1 = {https://blackboard.hanze.nl/bbcswebdav/pid-5925895-dt-content-rid-81925229_2/courses/sils.bfvt.2206.k01-2223-bin09-intromachinelea/ProjectopdrachtThema9%202022%282%29.pdf}}

@url{Michiel_Noback_2017_bitbucket,
	author = {Michiel Noback},
	date-added = {2022-11-10 12:28:38 +0100},
	date-modified = {2022-11-10 12:29:25 +0100},
	title = {minoba / wekaapidemo --- Bitbucket},
	url = {https://bitbucket.org/minoba/wekaapidemo/src/master/},
	year = {2017},
	bdsk-url-1 = {https://bitbucket.org/minoba/wekaapidemo/src/master/}}

@electronic{Dileep_2019_kaggle,
	author = {Dileep},
	date-added = {2022-11-10 12:26:17 +0100},
	date-modified = {2022-11-10 12:29:09 +0100},
	title = {Logistic regression To predict heart disease | Kaggle},
	url = {https://www.kaggle.com/datasets/dileep070/heart-disease-prediction-using-logistic-regression},
	year = {2019},
	bdsk-url-1 = {https://www.kaggle.com/datasets/dileep070/heart-disease-prediction-using-logistic-regression}}
